2450 3856
262 131 268 138 ’
334 141 394 228 De
408 149 605 232 autoritate
618 147 813 229 Turoruml
970 177 1021 266 35

285 347 290 354 ’
409 332 440 396 τ
460 327 550 422 ιτ.ι
581 325 694 390 xxi.

287 523 292 534 Ι
345 430 769 514 DaAuturituteYutorum.

178 585 205 650 F
209 585 320 650 fitium
335 582 467 651 Tutoris
484 583 618 650 coufistit
636 582 667 646 in
682 582 824 662 duobus,
839 585 870 650 in
882 586 1013 658 admini-

115 743 122 754 ‚
186 666 423 732 [trutinandum
443 667 630 740 enutritam
651 665 690 724 de
704 663 1010 738 administrationem

90 759 180 822 gllur
203 749 236 807 in
254 745 287 813 ff.
301 749 338 808 de
354 766 414 826 qua
431 749 560 827 proinde
579 743 681 808 inlocu.
942 766 945 778 =

127 843 161 893 2.
189 827 371 891 Audloritas
393 827 434 888 est
453 829 630 908 approbatio
646 827 737 902 ejus,
772 829 858 904 quod
879 831 1015 912 pupillus

86 905 234 1048 geriltffli
251 922 356 1046 ιιιὲοιι
380 907 542 988 prasente,
561 907 668 987 inipso
683 909 811 990 negotio
833 908 1012 992 iuterpoiita
1080 971 1083 982 .

66 1008 70 1020 ·
107 1005 136 1046 r.
178 1033 188 1052 .
220 1031 224 1042 .
261 1032 268 1046 .
304 1001 350 1051 .t.

82 999 105 1132 ‚p
137 1083 165 1145 3.
190 1006 351 1145 trintum
368 1066 507 1149 intellige
532 1067 683 1143 majorem
703 1065 847 1147 infantia,
867 1072 927 1134 hoc
947 1074 1012 1156 elt,

91 1145 263 1223 septennio
282 1146 301 1207 l.
320 1165 365 1228 14.
378 1147 405 1216 d.
417 1147 512 1230 Spunj
525 1165 599 1210 nam
615 1146 725 1210 infanti
739 1147 823 1212 tutor
838 1153 1011 1217 nonlitau-

94 1239 171 1304 tor,
193 1226 243 1290 scd
258 1228 316 1309 agit
333 1247 388 1308 pro
402 1231 480 1303 illo,
501 1224 520 1288 l.
532 1243 560 1290 1.
577 1223 604 1306 i.
621 1243 647 1288 2.
662 1228 690 1286 d.
707 1228 810 1290 Admin
826 1231 884 1292 tui.
900 1251 1009 1314 exquo

97 1307 180 1372 loco
195 1306 310 1386 disces,
325 1309 421 1372 utdri.
431 1305 481 1375 18.
496 1305 570 1374 Eud.
588 1325 644 1386 pro
662 1310 1010 1384 maioreiniantiituto·

94 1405 165 1451 rem
181 1391 287 1454 habere
299 1388 506 1464 elediouem,
529 1403 635 1450 utrum
647 1387 785 1458 exhibere
799 1392 1012 1470 pupillumve-

89 1467 134 1531 'lit
150 1471 242 1546 eique
265 1485 357 1532 autor
376 1471 461 1547 fieri,
484 1489 522 1531 an
540 1485 630 1550 agere
645 1485 702 1548 pro
721 1471 797 1550 ipio.

135 1570 167 1633 4.
191 1543 366 1614 Necelluria
383 1551 423 1614 eil
438 1550 597 1626 autoritas,
618 1550 740 1627 quoties
767 1548 940 1627 periculum
956 1552 1012 1632 eii,

75 1631 134 1694 'ne
153 1631 291 1711 pupillus
304 1631 517 1694 conditionem
532 1631 617 1691 suam
635 1629 724 1692 facin
741 1631 923 1695 deteriorem
930 1651 942 1711 ;
959 1637 1012 1698 udi
1101 1659 1104 1666 ·

96 1716 231 1774 nullum
244 1715 307 1783 tale
322 1713 493 1790 perieulum
508 1709 619 1787 subest,
636 1708 676 1770 ibi
693 1728 753 1792 nec
768 1710 929 1788 necessaria
949 1715 990 1778 eil
999 1733 1012 1792 ;

93 1789 136 1854 de
150 1790 323 1867 majoribus
341 1788 466 1852 infantia
481 1790 647 1868 loquimur.
661 1789 692 1848 d.
702 1807 750 1873 pr.
774 1793 779 1800 “

30 1885 32 1888 ’
141 1888 174 1950 ς.
196 1870 282 1933 Hine
299 1869 453 1934 lucrativa
469 1867 695 1952 acquisitiones,
718 1872 1010 1940 licetinsciotutore

100 1954 118 2013 d
137 1952 260 2032 pupillo
275 1949 455 2019 contratiae,
476 1955 579 2012 valent
597 1948 619 2016 l.
634 1949 809 2020 tr..d.A.R.
828 1951 870 2016 D.
885 1970 1011 2033 excepta
1070 1991 1074 2000 ·

98 2032 277 2172 herbeditatis
291 2031 442 2112 aditione,
467 2047 585 2113 propter
599 2033 969 2098 metumdumniiufidiofi
980 2039 1011 2106 §.

101 2131 131 2176 1.
174 2127 218 2172 .t.

139 2193 171 2256 6.
194 2191 321 2276 Reliqui
337 2192 516 2281 contraditus¹
528 2193 611 2254 uitro
627 2192 949 2280 citroqueobligatorii
963 2215 1012 2259 re·

52 2282 56 2288 '
98 2273 202 2356 speetu
219 2273 415 2354 pupillisunt
434 2273 500 2352 ipso
508 2291 576 2349 lure
593 2273 693 2351 nulli,
712 2277 806 2336 sedis
819 2275 872 2354 qui
887 2293 1012 2340 cumeo

11 2357 12 2360 ’
100 2355 256 2420 contraxit
273 2351 291 2416 a
306 2354 358 2416 sua
375 2353 1011 2438 parteobligatur3pupillusrefiliteputtst,

101 2437 166 2514 ipse
186 2454 253 2498 non
274 2432 373 2514 potest
396 2434 424 2506 d.
442 2449 494 2516 pr.
511 2432 542 2493 in
553 2431 605 2506 fin,
623 2433 641 2498 l.
666 2452 713 2516 ¹3·
729 2434 758 2514 d.
776 2453 824 2516 29.
839 2437 866 2498 d.
896 2437 1013 2500 Allion.

62 2551 66 2568 ·
103 2537 122 2574 e
169 2529 191 2576 t.
1002 2553 1003 2560 ι

123 2531 176 2675 mi.
192 2593 314 2659 Modus
332 2593 547 2674 interponendi
563 2585 759 2658 autoritatem
774 2593 835 2670 est,
855 2611 889 2660 ut
907 2595 923 2658 :i
938 2615 1014 2678 pra·
1080 2657 1082 2662 .

105 2673 195 2756 sente
206 2676 342 2755 Tutore,
353 2675 379 2738 dt
389 2676 418 2738 in
428 2675 492 2756 ipso
501 2674 629 2752 negotio
639 2674 711 2752 fiat'3
727 2673 792 2756 poli
800 2678 1012 2756 intervallum,

106 2777 161 2838 per
185 2757 361 2834 epistolam,
382 2759 434 2818 vel
459 2776 510 2836 per
535 2759 679 2816 nuntium
700 2757 874 2838 interposita
895 2760 1013 2823 nullius
1138 2801 1142 2810 ι

110 2840 265 2902 momenti
278 2836 320 2900 eli
335 2839 365 2904 d.
379 2835 409 2916 d.
425 2855 454 2902 ι.
470 2835 483 2898 i
493 2831 552 2917 9.§
571 2835 665 2908 5.h.t.
840 2865 844 2870 ,
1077 2837 1079 2843 ’

149 2915 179 2981 8.
195 2915 247 2981 Sic
269 2920 418 2980 tamenin
442 2917 507 2996 ipso
524 2915 652 2998 negotio
669 2917 827 2982 adhibetur
843 2917 1014 2990 autoritas,

106 3013 143 3062 ut
159 3014 226 3061 rem
243 2997 395 3078 pennam
404 2999 462 3061 esse
472 3002 630 3078 oportent
644 2996 761 3076 alioqui
769 2999 945 3078 approbatio
953 2993 1017 3082 elle

102 3098 173 3146 nort
189 3075 296 3159 poteli.
308 3075 484 3151 Euuocest,
495 3075 954 3170 quoddicitur,perfeelonegotio
963 3094 1012 3147 ,tu

76 3156 790 3300 ·i.25.'§,4·d.Acquir.hered.qtgsoietopptnd.
882 3183 888 3212 t
943 3233 974 3310 A

615 3255 634 3300 2
749 3303 751 3306 ,
898 3254 928 3316 9,
977 3255 1018 3300 ur

422 3393 429 3426 l
